@book{einstein1920relativity,
  title={Relativity: The special and general theory},
  author={Einstein, Albert},
  year={1920},
  publisher={Penguin}
}

@article{hirzel2014catalog,
  title={A catalog of stream processing optimizations},
  author={Hirzel, Martin and Soul{\'e}, Robert and Schneider, Scott and Gedik, Bu{\u{g}}ra and Grimm, Robert},
  journal={ACM Computing Surveys (CSUR)},
  volume={46},
  number={4},
  pages={46},
  year={2014},
  publisher={ACM}
}

@book{gamma1995,
  author = {Gamma, Erich and Helm, Richard and Johnson, Ralph and Vlissides, John},
  year={1995},
  title={Design Patterns: Elements of Reusable Object-Oriented Software},
  publisher={Addison-Wesley}
}

@book{fowler1999,
  author = {Fowler, Martin and Beck, Kent and Brant, John and Opdyke, William},
  year={1999},
  title={Refactoring: Improving the Design of
Existing Code},
  publisher={Addison-Wesley}
}
